@inproceedings{tsatsaronis2009generalized,
  title={A generalized vector space model for text retrieval based on semantic relatedness},
  author={Tsatsaronis, George and Panagiotopoulou, Vicky},
  booktitle={Proceedings of the 12th Conference of the European Chapter of the Association for Computational Linguistics: Student Research Workshop},
  pages={70--78},
  year={2009},
  organization={Association for Computational Linguistics}
}

@book{Freud,
    author = "Freud, Sigmund",
    title = "The interpretation of dreams",
    publisher = "Avon",
    year = "1900",
    note = "1965 ed.",
}
